<record><leader>00000cas a22000007a 4500</leader><controlfield tag="001">12318410</controlfield><controlfield tag="008">850729c19089999mtudn ne      0    0eng  </controlfield><datafield ind1=" " ind2=" " tag="010"><subfield code="a">sn 85042382 </subfield></datafield><datafield ind1=" " ind2=" " tag="040"><subfield code="a">DLC</subfield><subfield code="b">eng</subfield><subfield code="c">DLC</subfield><subfield code="d">MTL</subfield><subfield code="d">CNK</subfield><subfield code="d">DLC</subfield><subfield code="d">OCLCQ</subfield></datafield><datafield ind1=" " ind2=" " tag="042"><subfield code="a">msc</subfield></datafield><datafield ind1="0" ind2="0" tag="050"><subfield code="a">Newspaper</subfield></datafield><datafield ind1="0" ind2="4" tag="245"><subfield code="a">The Daily inter lake.</subfield></datafield><datafield ind1="1" ind2="7" tag="246"><subfield code="a">Inter lake</subfield></datafield><datafield ind1=" " ind2=" " tag="260"><subfield code="a">Kalispell, Mont. :</subfield><subfield code="b">R.M. Goshorn</subfield></datafield><datafield ind1=" " ind2=" " tag="300"><subfield code="a">v. :</subfield><subfield code="b">ill. ;</subfield><subfield code="c">55-60 cm.</subfield></datafield><datafield ind1=" " ind2=" " tag="310"><subfield code="a">Daily (except Sat.)</subfield></datafield><datafield ind1=" " ind2=" " tag="321"><subfield code="a">Daily (except Sun.)</subfield></datafield><datafield ind1="1" ind2=" " tag="362"><subfield code="a">Began with Apr. 13, 1908.</subfield><subfield code="z">Cf. Kalispell bee, Apr. 14, 1908.</subfield></datafield><datafield ind1=" " ind2=" " tag="500"><subfield code="a">Special "Progress edition" published on Feb. 26, 1956.</subfield></datafield><datafield ind1=" " ind2=" " tag="588"><subfield code="a">Description based on: Vol. 1, no. 222 (Jan. 2, 1909).</subfield></datafield><datafield ind1=" " ind2=" " tag="752"><subfield code="a">United States</subfield><subfield code="b">Montana</subfield><subfield code="c">Flathead</subfield><subfield code="d">Kalispell.</subfield></datafield><datafield ind1="0" ind2=" " tag="775"><subfield code="t">Inter lake (Kalispell, Mont.)</subfield><subfield code="w">(DLC)sn 85053333</subfield></datafield><datafield ind1="0" ind2="5" tag="780"><subfield code="t">Kalispell journal</subfield><subfield code="g">July 3, 1919</subfield><subfield code="w">(DLC)sn 84036231</subfield></datafield><datafield ind1="1" ind2=" " tag="029"><subfield code="a">AU@</subfield><subfield code="b">000026224703</subfield></datafield></record>